<?xml version="1.0" encoding="UTF-8"?><collection xmlns="http://www.loc.gov/MARC21/slim"><record><leader>00365nam--2200133-i-4500</leader><controlfield tag="001">000040655</controlfield><controlfield tag="002">20161230</controlfield><controlfield tag="005">20161230201042</controlfield><controlfield tag="008">060222s1000------------r-----000-0-eng-d</controlfield><datafield ind1=" " ind2=" " tag="100"><subfield code="a">Schpolski,E.W</subfield></datafield><datafield ind1=" " ind2=" " tag="245"><subfield code="a">Atomphysik. teil 1,3.,unveranderte auflage</subfield></datafield><datafield ind1=" " ind2=" " tag="260"><subfield code="a">Berlin, Veb Deutscher Verlag Der Wiss.,1960. 444 P</subfield></datafield><datafield ind1=" " ind2=" " tag="490"><subfield code="a">Hochschulbucher Fur Ph</subfield></datafield><datafield ind1=" " ind2=" " tag="852"><subfield code="a">6583</subfield></datafield></record></collection>